% Encoding: UTF-8

@book{Knuth1998,
 author = {Knuth, Donald E.},
 title = {The art of computer programming,  volume 3: (2nd ed.) sorting and searching},
 year = {1998},
 publisher = {Addison Wesley Longman Publishing Co., Inc.},
 address = {Redwood City, CA, USA}
}

@book{Pollefliet2011,
  author = {Pollefliet, Leen},
  title = {Schrijven van verslag tot eindwerk: do's en don'ts},
  year = {2011},
  publisher = {Academia Press},
  address = {Gent}
}

@article{Creeger2009,
  author = {Creeger, Mache},
  journal = {Communications of the ACM},
  number = {8},
  pages = {50--56},
  title = {{CTO Roundtable: Cloud Computing}},
  volume = {52},
  year = {2009}
}

@Article{SabiEtAl2016,
  author       = {Sabi, Humphrey M. and Uzoka, Faith-Michael E. and Langmia, Kehbuma and Njeh, Felix M.},
  title        = {Conceptualizing a model for adoption of cloud computing in education},
  journaltitle = {International Journal of Information Management},
  year         = {2016},
  volume       = {36},
  number       = {2},
  pages        = {183--191},
  doi          = {10.1016/j.ijinfomgt.2015.11.010},
  url          = {http://www.sciencedirect.com/science/article/pii/S0268401215001115},
}

@Online{LewisFowler2014,
  author    = {Lewis, James and Fowler, Martin},
  title     = {Microservices: a definition of this new architectural term},
  date      = {2014-03-25},
  url       = {http://martinfowler.com/articles/microservices.html},
  urldate   = {2016-09-01},
}

@Online{Hykes2013,
  author    = {Solomon Hykes},
  title     = {The future of Linux Containers (PyCon 2013)},
  date      = {2013-03-21},
  url       = {https://www.youtube.com/watch?v=wW9CAH9nSLs},
  urldate   = {2016-09-01},
}

@Article{Talesra_2021,
  author       = {Talesra, Khushi and G. S., Nagaraja},
  date         = {2021-05},
  journaltitle = {International Journal of Applied Engineering Research},
  title        = {Low-Code Platform for Application Development},
  doi          = {10.37622/ijaer/16.5.2021.346-351},
  issn         = {0973-4562},
  number       = {5},
  pages        = {346},
  volume       = {16},
  publisher    = {Research India Publications},
}

@Article{Moskal_2021,
  author       = {Moskal, Monika},
  date         = {2021-03},
  journaltitle = {Informatyka, Automatyka, Pomiary w Gospodarce i Ochronie Środowiska},
  title        = {NO-CODE APPLICATION DEVELOPMENT ON THE EXAMPLE OF LOGOTEC APP STUDIO PLATFORM},
  doi          = {10.35784/iapgos.2429},
  issn         = {2083-0157},
  number       = {1},
  pages        = {54--57},
  volume       = {11},
  publisher    = {Politechnika Lubelska},
}

@Book{JanaPolgar2011,
  author    = {Jana Polgar, Greg Adamson},
  date      = {2011},
  title     = {New Generation of Portal Software and Engineering: Emerging Technologies},
  doi       = {10.4018/978-1-60960-571-1},
  isbn      = {9781609605728},
  publisher = {IGI Global},
}

@Article{Kulkarni_2021,
  author       = {Kulkarni, Mayuresh},
  date         = {2021-07},
  journaltitle = {International Journal of Scientific and Research Publications (IJSRP)},
  title        = {Deciphering Low-Code/No-Code Hype – Study of Trends, Overview of Platforms, and Rapid Application Development Suitability},
  doi          = {10.29322/ijsrp.11.07.2021.p11570},
  issn         = {2250-3153},
  number       = {7},
  pages        = {536--540},
  volume       = {11},
  publisher    = {International Journal of Scientific and Research Publications (IJSRP)},
}

@InBook{Rokis_2022,
  author    = {Rokis, Karlis and Kirikova, Marite},
  booktitle = {Perspectives in Business Informatics Research},
  date      = {2022},
  title     = {Challenges of Low-Code/No-Code Software Development: A Literature Review},
  doi       = {10.1007/978-3-031-16947-2_1},
  isbn      = {9783031169472},
  pages     = {3--17},
  publisher = {Springer International Publishing},
  issn      = {1865-1356},
}

@Book{2024,
  date      = {2024},
  title     = {World Internet Development Report 2022: Blue Book for World Internet Conference},
  doi       = {10.1007/978-981-99-5386-8},
  isbn      = {9789819953868},
  publisher = {Springer Nature Singapore},
}

@Article{Hyun2019,
  author = {Hyun, Chang Young},
  date   = {2019-12-31},
  title  = {Design and Implementation of a Low-Code/No-Code System},
  doi    = {https://doi.org/10.7236/IJASC.2019.8.4.188},
}

@Article{Chang2017,
  author = {Chang, Young-Hyun},
  date   = {2017-11-20},
  title  = {A Study on the Design of Low-Code and No Code Platform for Mobile Application Development},
  doi    = {https://doi.org/10.7236/IJASC.2017.6.4.7},
}

@Article{Pinho_2023,
  author       = {Pinho, Daniel and Aguiar, Ademar and Amaral, Vasco},
  date         = {2023-01},
  journaltitle = {Journal of Computer Languages},
  title        = {What about the usability in low-code platforms? A systematic literature review},
  doi          = {10.1016/j.cola.2022.101185},
  issn         = {2590-1184},
  pages        = {101185},
  volume       = {74},
  publisher    = {Elsevier BV},
}

@Conference{Beranic2020,
  author = {Tina Beranic, Patrik Rek, Marjan Heričko},
  date   = {2020},
  title  = {Adoption and Usability of Low-Code/No-Code Development Tools},
  url    = {https://www.proquest.com/conference-papers-proceedings/adoption-usability-low-code-no-development-tools/docview/2531366275/se-2?accountid=27257},
}

@Article{Hintsch2021,
  author = {Johannes Hintsch, Daniel Staegemann},
  date   = {2021},
  title  = {Low-code Development Platform Usage: Towards Bringing Citizen Development and Enterprise IT into Harmony},
  url    = {https://aisel.aisnet.org/acis2021/11/},
}

@Misc{Yan2021,
  author    = {Yan, Zhaohang},
  date      = {2021},
  title     = {The Impacts of Low/No-Code Development on Digital Transformation and Software Development},
  doi       = {10.48550/ARXIV.2112.14073},
  copyright = {Creative Commons Attribution 4.0 International},
  keywords  = {Computers and Society (cs.CY), FOS: Computer and information sciences, FOS: Computer and information sciences},
  publisher = {arXiv},
}

@InBook{Adrian_2020,
  author    = {Adrian, Benjamin and Hinrichsen, Sven and Nikolenko, Alexander},
  booktitle = {Advances in Human Factors and Systems Interaction},
  date      = {2020},
  title     = {App Development via Low-Code Programming as Part of Modern Industrial Engineering Education},
  doi       = {10.1007/978-3-030-51369-6_7},
  isbn      = {9783030513696},
  pages     = {45--51},
  publisher = {Springer International Publishing},
  issn      = {2194-5365},
}

@Article{Sufi_2023,
  author       = {Sufi, Fahim},
  date         = {2023-02},
  journaltitle = {Algorithms},
  title        = {Algorithms in Low-Code-No-Code for Research Applications: A Practical Review},
  doi          = {10.3390/a16020108},
  issn         = {1999-4893},
  number       = {2},
  pages        = {108},
  volume       = {16},
  publisher    = {MDPI AG},
}

@Article{Parviainen_2022,
  author       = {Parviainen, Päivi and Tihinen, Maarit and Kääriäinen, Jukka and Teppola, Susanna},
  date         = {2022-02},
  journaltitle = {International Journal of Information Systems and Project Management},
  title        = {Tackling the digitalization challenge: how to benefit from digitalization in practice},
  doi          = {10.12821/ijispm050104},
  issn         = {2182-7788},
  number       = {1},
  pages        = {63--77},
  volume       = {5},
  publisher    = {University of Minho},
}

@Article{Phalake_2023,
  author       = {Vaishali Phalake, Shashank Joshi},
  date         = {2023-04},
  journaltitle = {International Journal on Interactive Design and Manufacturing (IJIDeM)},
  title        = {Optimization for achieving sustainability in low code development platform},
  doi          = {10.1007/s12008-023-01338-0},
  issn         = {1955-2505},
  publisher    = {Springer Science and Business Media LLC},
}

@Article{Rokis_2023,
  author       = {Rokis, Karlis and Kirikova, Marite},
  date         = {2023-10},
  journaltitle = {Complex Systems Informatics and Modeling Quarterly},
  title        = {Exploring Low-Code Development: A Comprehensive Literature Review},
  doi          = {10.7250/csimq.2023-36.04},
  issn         = {2255-9922},
  number       = {36},
  pages        = {68--86},
  publisher    = {Riga Technical University},
}

@Article{ALSAADI_2021,
  author       = {ALSAADI, Hana A. and RADAIN, Dhefaf T. and ALZAHRANI, Maysoon M. and ALSHAMMARI, Wahj F. and ALAHMADI, Dimah and FAKIEH, Bahjat},
  date         = {2021-09},
  journaltitle = {Revista Română de Informatică și Automatică},
  title        = {Factors that affect the utilization of low-code development platforms: survey study},
  doi          = {https://doi.org/10.33436/v31i3y202110},
  issn         = {1841-4303},
  number       = {3},
  pages        = {123--140},
  volume       = {31},
  publisher    = {ICI Bucharest},
}

@InBook{Rafiq_2022,
  author    = {Rafiq, Usman and Filippo, Cenacchi and Wang, Xiaofeng},
  booktitle = {Lecture Notes in Computer Science},
  date      = {2022},
  title     = {Understanding Low-Code or No-Code Adoption in Software Startups: Preliminary Results from a Comparative Case Study},
  doi       = {10.1007/978-3-031-21388-5_27},
  isbn      = {9783031213885},
  pages     = {390--398},
  publisher = {Springer International Publishing},
  issn      = {1611-3349},
}

@Article{Elshan2023,
  author       = {Elshan, Edona Dickhaut, Ernestine Ebel Philipp Alexander},
  date         = {2023-01},
  journaltitle = {Practice-based IS Research},
  title        = {An Investigation of Why Low Code Platforms Provide Answers and New Challenges},
  url          = {https://hdl.handle.net/10125/103380},
}

@Article{Bock_2021,
  author       = {Bock, Alexander C. and Frank, Ulrich},
  date         = {2021-11},
  journaltitle = {Business amp; Information Systems Engineering},
  title        = {Low-Code Platform},
  doi          = {10.1007/s12599-021-00726-8},
  issn         = {1867-0202},
  number       = {6},
  pages        = {733--740},
  volume       = {63},
  publisher    = {Springer Science and Business Media LLC},
}

@Article{Sanchis_2019,
  author       = {Sanchis, Raquel and García-Perales, Óscar and Fraile, Francisco and Poler, Raul},
  date         = {2019-12},
  journaltitle = {Applied Sciences},
  title        = {Low-Code as Enabler of Digital Transformation in Manufacturing Industry},
  doi          = {10.3390/app10010012},
  issn         = {2076-3417},
  number       = {1},
  pages        = {12},
  volume       = {10},
  publisher    = {MDPI AG},
}

@Article{da_Cruz_2021,
  author       = {da Cruz, Mauro A. A. and de Paula, Heitor T. L. and Caputo, Bruno P. G. and Mafra, Samuel B. and Lorenz, Pascal and Rodrigues, Joel J. P. C.},
  date         = {2021-09},
  journaltitle = {Future Internet},
  title        = {OLP—A RESTful Open Low-Code Platform},
  doi          = {10.3390/fi13100249},
  issn         = {1999-5903},
  number       = {10},
  pages        = {249},
  volume       = {13},
  publisher    = {MDPI AG},
}

@InBook{Lethbridge_2021,
  author    = {Lethbridge, Timothy C.},
  booktitle = {Leveraging Applications of Formal Methods, Verification and Validation},
  date      = {2021},
  title     = {Low-Code Is Often High-Code, So We Must Design Low-Code Platforms to Enable Proper Software Engineering},
  doi       = {10.1007/978-3-030-89159-6_14},
  isbn      = {9783030891596},
  pages     = {202--212},
  publisher = {Springer International Publishing},
  issn      = {1611-3349},
}

@Online{Computer2022,
  author = {Express Computer},
  date   = {2022-03-03},
  title  = {Zoho Takes on Current Low-Code Market Gaps with New Creator Platform},
  url    = {https://www.expresscomputer.in/news/zoho-takes-on-current-low-code-market-gaps-with-new-creator-platform/84254/},
}

@Online{ZohoCorporation2024,
  author = {Zoho, Corporation},
  date   = {2024},
  title  = {Power of creation. Pocket-friendly price.},
  url    = {https://www.zoho.com/creator/pricing.html?src=hdd},
}

@Online{ZohoCorporation2024a,
  author = {Zoho, Corporation},
  date   = {2024},
  title  = {For more than 25 years, we've been bucking Silicon Valley trends, taking our own approach to building products},
  url    = {https://www.zoho.com/aboutus.html},
}

@Online{ZohoCorporation2024b,
  author = {Zoho, Corporation},
  date   = {2024},
  title  = {Your digital transformation toolkit},
  url    = {https://www.zoho.com/creator/features/?src=hdd},
}

@Online{MAKE.com2024,
  author = {MAKE.com},
  date   = {2024},
  title  = {Zoho Creator},
  url    = {https://www.make.com/en/help/app/zoho-creator},
}

@Online{Gartner2024,
  author = {Gartner},
  date   = {2024},
  title  = {Choose Enterprise Technology Software and Services with Confidence},
  url    = {https://www.gartner.com/peer-insights/home},
}

@Online{Payne2023,
  author = {Ronnie Payne},
  date   = {2023-06-23},
  title  = {OutSystems Low-Code Platform Review},
  url    = {https://www.developer.com/project-management/outsystems-review/},
}

@Online{Ranosys2023,
  author = {Ranosys},
  date   = {2023-05-15},
  title  = {Everything you need to know about low-code OutSystems platform},
  url    = {https://www.ranosys.com/blog/insights/everything-you-need-to-know-about-low-code-outsystems-platform/},
}

@Online{OutSystems,
  author = {OutSystems},
  title  = {OutSystems pricing},
  url    = {https://www.outsystems.com/pricing-and-editions/},
}

@Online{Nguyen,
  author = {Anna Nguyen},
  title  = {An Honest Review of Microsoft Power Apps Low-code},
  url    = {https://synodus.com/blog/low-code/power-apps-low-code/},
}

@Online{Gupta2023,
  author = {Arnav Gupta},
  date   = {2023-11-22},
  title  = {Unlock The Potential of Power Apps for Your Business Advantage},
  url    = {https://www.damcogroup.com/blogs/unlock-the-potential-of-power-apps-for-your-business-advantage},
}

@Online{Spence,
  author = {Mike Spence},
  title  = {Power Apps: Microsofts Low Code Development Platform},
  url    = {https://trellispoint.com/blog/power-apps-low-code-development},
}

@Online{Microsoft2024,
  author = {Microsoft},
  date   = {2024},
  title  = {Airtable (Independent Publisher)},
  url    = {https://learn.microsoft.com/en-us/connectors/airtable/},
}

@Online{MAKE.com2024a,
  author = {MAKE.com},
  date   = {2024},
  title  = {Connect anything},
  url    = {https://www.make.com/en/integrations},
}

@Online{Appian2024,
  author = {Appian},
  date   = {2024},
  title  = {Appian Pricing},
  url    = {https://appian.com/products/pricing.html},
}

@Comment{jabref-meta: databaseType:biblatex;}
