% Encoding: UTF-8

@Article{SabiEtAl2016,
  author       = {Sabi, Humphrey M. and Uzoka, Faith-Michael E. and Langmia, Kehbuma and Njeh, Felix M.},
  title        = {Conceptualizing a model for adoption of cloud computing in education},
  journaltitle = {International Journal of Information Management},
  year         = {2016},
  volume       = {36},
  number       = {2},
  pages        = {183--191},
  doi          = {10.1016/j.ijinfomgt.2015.11.010},
  url          = {http://www.sciencedirect.com/science/article/pii/S0268401215001115},
}

@Online{LewisFowler2014,
  author    = {Lewis, James and Fowler, Martin},
  title     = {Microservices: a definition of this new architectural term},
  date      = {2014-03-25},
  url       = {http://martinfowler.com/articles/microservices.html},
  urldate   = {2016-09-01},
}

@Online{Hykes2013,
  author    = {Solomon Hykes},
  title     = {The future of Linux Containers (PyCon 2013)},
  date      = {2013-03-21},
  url       = {https://www.youtube.com/watch?v=wW9CAH9nSLs},
  urldate   = {2016-09-01},
}

@Article{Talesra_2021,
  author       = {Talesra, Khushi and G. S., Nagaraja},
  date         = {2021-05},
  journaltitle = {International Journal of Applied Engineering Research},
  title        = {Low-Code Platform for Application Development},
  doi          = {10.37622/ijaer/16.5.2021.346-351},
  issn         = {0973-4562},
  number       = {5},
  pages        = {346},
  volume       = {16},
  publisher    = {Research India Publications},
}

@Article{Moskal_2021,
  author       = {Moskal, Monika},
  date         = {2021-03},
  journaltitle = {Informatyka, Automatyka, Pomiary w Gospodarce i Ochronie Środowiska},
  title        = {NO-CODE APPLICATION DEVELOPMENT ON THE EXAMPLE OF LOGOTEC APP STUDIO PLATFORM},
  doi          = {10.35784/iapgos.2429},
  issn         = {2083-0157},
  number       = {1},
  pages        = {54--57},
  volume       = {11},
  publisher    = {Politechnika Lubelska},
}

@Book{JanaPolgar2011,
  author    = {Jana Polgar, Greg Adamson},
  date      = {2011},
  title     = {New Generation of Portal Software and Engineering: Emerging Technologies},
  doi       = {10.4018/978-1-60960-571-1},
  isbn      = {9781609605728},
  publisher = {IGI Global},
}

@Article{Kulkarni_2021,
  author       = {Kulkarni, Mayuresh},
  date         = {2021-07},
  journaltitle = {International Journal of Scientific and Research Publications (IJSRP)},
  title        = {Deciphering Low-Code/No-Code Hype – Study of Trends, Overview of Platforms, and Rapid Application Development Suitability},
  doi          = {10.29322/ijsrp.11.07.2021.p11570},
  issn         = {2250-3153},
  number       = {7},
  pages        = {536--540},
  volume       = {11},
  publisher    = {International Journal of Scientific and Research Publications (IJSRP)},
}

@InBook{Rokis_2022,
  author    = {Rokis, Karlis and Kirikova, Marite},
  booktitle = {Perspectives in Business Informatics Research},
  date      = {2022},
  title     = {Challenges of Low-Code/No-Code Software Development: A Literature Review},
  doi       = {10.1007/978-3-031-16947-2_1},
  isbn      = {9783031169472},
  pages     = {3--17},
  publisher = {Springer International Publishing},
  issn      = {1865-1356},
}

@Comment{jabref-meta: databaseType:biblatex;}
